@misc{uol_banco_redacoes:2017,
	author = {UOL},
	title = {Banco de redações},
	url = {https://educacao.uol.com.br/bancoderedacoes/},
	year = {2017},
	note = {Online; acessado 01 Junho 2017} 
}

@misc{relatorio_de_gestao:2016,
	author = {CEBRASPE, CESPE UNB},
	title = {Relatório de Gestão CEBRASPE},
	url = {http://www.cespe.unb.br/cebraspe/arquivos/Relatorio_de_Gestao_2016.pdf},
	year = {2016},
	pages = {1--20},
	note = {Online; acessado 07 Abril 2017}
}

@misc{paq_a:2016,
	author = {CEBRASPE},
	title = {CENTRO BRASILEIRO DE PESQUISA EM AVALIAÇÃO E SELEÇÃO E DE PROMOÇÃO DE EVENTOS (CEBRASPE) 
    PROGRAMA DE ATUALIZAÇÃO, QUALIFICAÇÃO E SELEÇÃO DE AVALIADORES DAS REDAÇÕES DO ENEM 2016 },
	url = {http://www.cespe.unb.br/colaboradores/ENEM_16_AVALIADOR_REDACAO/arquivos/ENEM_REDA____ES_2016___AVALIADOR___REGULAMENTO.PDF},
	year = {2016},
	note = {Online; acessado 07 Abril 2017}
}

@misc{sisu:2017,
	author = {SISU, Sistema de seleção unificada},
	title = {O que é o Sisu},
	url = {http://sisu.mec.gov.br/},
	year = {2017},
	note = {Online; acessado 07 Abril 2017} 
}

@misc{csf:2017,
	author = {CsF, Ciência sem Fronteiras},
	title = {Estudante de Graduação},
	url = {http://www.cienciasemfronteiras.gov.br/web/csf/estudante},
	year = {2017},
	note = {Online; acessado 07 Abril 2017}
}

@misc{waymo:2017,
	author = {waymo},
	title = {We’re building a safer driver for everyone},
	url = {https://waymo.com/},
	year = {2017},
	note = {Online; acessado 07 Abril 2017}
}

@inproceedings{batista1999aplicando,
  title={Aplicando Sele{\c{c}}{\~a}o Unilateral em Conjuntos de Exemplos Desbalanceados: Resultados Iniciais},
  author={Batista, GEAPA and CARVALHO, ACPLF and Monard, Maria C and Brasil, Silicon Graphics},
  booktitle={XIX CONGRESSO NACIONAL DA SOCIEDADE BRASILEIRA DE COMPUTA{\c{C}}{\~A}O “EDUCA{\c{C}}{\~A}O E APRENDIZAGEM NA SOCIEDADE DA INFORMA{\c{C}}{\~A}O},
  volume={20},
  pages={327--340},
  year={1999}
}

@inproceedings{de2005anotaccao,
  title={A anota{\c{c}}ao de um corpus para o aprendizado supervisionado de um modelo de sn},
  author={de Freitas, Maria Claudia and Uzeda-Garr{\~a}o, Milena and Oliveira, Claudia and dos Santos, C{\'\i}cero Nogueira and Silveira, Maria C{\^a}ndida},
  booktitle={Proceedings of the III TIL/XXV Congresso da SBC},
  year={2005}
}


@incollection{lara:1995,
	author = {Glaucia Muniz Proença Lara},
	booktitle = {Leitura: Teoria e Prática},
	title = {A redação como tema de pesquisa},
	publisher = {1994},
	year = {1994},
	number = {24},
	pages = {62--82},
	volume = {13},
}

@report{edital_enem:2016,
  Title = {EDITAL No 10, DE 14 DE ABRIL DE 2016},
  Author = {INEP},
  Date = {2016-04-14},
  Institution = {Instituto Nacional de Estudos e Pesquisas Educacionais Anísio Teixeira},
  Type = {Edital anual do exame nacional do ensino médio},
  Year = {2016},
  Version = {2016-04-14},
  url = {http://download.inep.gov.br/educacao_basica/enem/edital/2016/edital_enem_2016.pdf},
  note = {Online; acessado 05 Junho 2017}
}

@book{fluent_python:2015,
    author = {Ramalho, Luciano},
    publisher = {O'Reilly Media, Inc.},
    title = {Fluent Python},
    isbn = {978-1-491-94600-8},
    year = {2015"
}

@book{machine_learning:1997,
    author = {Mitchell, Tom M. Mitchell},
    publisher = {Book News, Inc.},
    title = {Machine Learning},
    isbn = {0070428077},
    year = {1997"
}

@book{han2011data,
  title={Data mining: concepts and techniques},
  author={Han, Jiawei and Pei, Jian and Kamber, Micheline},
  year={2011},
  publisher={Elsevier}
}

@book{van2003python,
  title={Python language reference manual},
  author={Van Rossum, Guido and Drake, Fred L},
  year={2003},
  publisher={Network Theory}
}

@mastersthesis{alexandra_alves:2010,
    author = {Alexandra Isabel Magalhães Alves},
    month = {11},
    school = {Instituto Superior de Engenharia do Porto},
    title = {Modelo de representação de texto mais adequado à classificação},
    year = {2010},
    note = {Online; acessado 06 Junho 2017}
}

@mastersthesis{porthos_motta:2016,
    author = {Motta, Porthos Ribeiro de Albuquerque},
    month = {11},
    school = {Universidade Federal de Goiás Instituto de Informática},
    title = {Estudo Exploratório do Uso de Classificadores para a Predição de Desempenho e Abandono em Universidades},
    year = {2016},
    note = {Online; acessado 06 Junho 2017}
}

@mastersthesis{braga:2015,
    author = {Braga, Bruno Marx de Aquino},
    month = {7},
    school = {Universidade de Brasília Instituto de Ciências Exatas Departamento de matemática},
    title = {Teoria da resposta ao item: o uso do modelo de Samejima como proposta de correção para itens discursivos},
    year = {2015},
    note = {Online; acessado 06 Junho 2017}
}

@phdthesis{joao_nobre:2011,
    address = {http://www.bd.bibl.ita.br/tde_busca/arquivo.php?codArquivo=1936},
    author = {Nobre, João Carlos Silva},
    month = 9,
    school = { Instituto Tecnológico de Aeronáutica},
    title = {Modelo computacional para valoração e avaliação de redações baseado em lógica Fuzzy},
    year = 2011
}

@phdthesis{batista2003pre,
  title={Pr{\'e}-processamento de dados em aprendizado de m{\'a}quina supervisionado},
  author={Batista, Gustavo Enrique de Almeida Prado and others},
  year={2003},
  school={Universidade de S{\~a}o Paulo}
}

@phdthesis{duarte2009algoritmo,
  title={O Algoritmo Boosting at Start e suas aplica{\c{c}}{\~o}es},
  author={Duarte, J},
  year={2009},
  school={PUC-Rio}
}

@article{merjildo2013algoritmo,
  title={Algoritmo AdaBoost robusto ao ru{\'\i}do: aplica{\c{c}}{\~a}o {\`a} detec{\c{c}}{\~a}o de faces em imagens de baixa resolu{\c{c}}{\~a}o},
  author={Merjildo, Diego Alonso Fernandez and others},
  year={2013},
  publisher={Campinas, SP}
}

@article{silvio_taynan:2017,
    journal = {Caminhos em linguística aplicada},
    author = {Sílvio Ribeiro da Silva and Taynan Lima Carvalho},
    number = {1},
    pages = {1--25},
    publisher = {1o sem 2017},
    title = {Produção de texto escrito no ensino médio: Competências requeridas pela avaliação de redação do enem em (des)uso no livro didático de português},
    volume = {16},
    year = {2017},
    url = {http://periodicos.unitau.br/ojs-2.2/index.php/caminhoslinguistica}
}

@article{JMLR:demsar13a,
  author  = {Janez Dem{\v{s}}ar and Toma{\v{z}} Curk and Ale{\v{s}} Erjavec and {\v{C}}rt Gorup and
             Toma{\v{z}} Ho{\v{c}}evar and Mitar Milutinovi{\v{c}} and Martin Mo{\v{z}}ina and Matija Polajnar and Marko Toplak and An{\v{z}}e Stari{\v{c}} and Miha {\v{S}}tajdohar and Lan Umek and
             Lan {\v{Z}}agar and Jure {\v{Z}}bontar and Marinka {\v{Z}}itnik and Bla{\v{z}} Zupan},
  title   = {Orange: Data Mining Toolbox in Python},
  journal = {Journal of Machine Learning Research},
  year    = {2013},
  volume  = {14},
  pages   = {2349-2353},
  url     = {http://jmlr.org/papers/v14/demsar13a.html}
}

@article{monard_baranauskas:2003,
  title={Conceitos sobre aprendizado de m{\'a}quina},
  author={Monard, Maria Carolina and Baranauskas, Jos{\'e} Augusto},
  journal={Sistemas Inteligentes-Fundamentos e Aplica{\c{c}}{\~o}es},
  volume={1},
  number={1},
  year={2003}
}

@article{scikit-learn,
 title={Scikit-learn: Machine Learning in {P}ython},
 author={Pedregosa, F. and Varoquaux, G. and Gramfort, A. and Michel, V.
         and Thirion, B. and Grisel, O. and Blondel, M. and Prettenhofer, P.
         and Weiss, R. and Dubourg, V. and Vanderplas, J. and Passos, A. and
         Cournapeau, D. and Brucher, M. and Perrot, M. and Duchesnay, E.},
 journal={Journal of Machine Learning Research},
 volume={12},
 pages={2825--2830},
 year={2011}
}

@article{vieira2010processamento,
  title={PROCESSAMENTO DE LINGUAGEM NATURAL E O TRATAMENTO COMPUTACIONAL DE LINGUAGENS CIENT{\'I}FICAS.},
  author={Vieira, Renata and Lopes, Lucelene},
  journal={EM CORPORA},
  pages={183},
  year={2010}
}

@article{wahbeh2011comparison,
  title={A comparison study between data mining tools over some classification methods},
  author={Wahbeh, Abdullah H and Al-Radaideh, Qasem A and Al-Kabi, Mohammed N and Al-Shawakfa, Emad M},
  journal={International Journal of Advanced Computer Science and Applications},
  volume={8},
  number={2},
  pages={18--26},
  year={2011}
}

@article{boscarioli2014avaliaccao,
  title={Avalia{\c{c}}{\~a}o de Aspectos de Usabilidade em Ferramentas para Minera{\c{c}}{\~a}o de Dados},
  author={Boscarioli, Clodis and Viterbo, Jos{\'e} and Teixeira, Mateus Felipe},
  journal={Anais da I Escola Regional de Sistemas de Informa{\c{c}}{\~a}o do Rio de Janeiro},
  volume={1},
  number={1},
  pages={107--114},
  year={2014}
}

@article{teixeira2011analise,
  title={An{\'a}lise de opini{\~o}es expressas nas redes sociais},
  author={Teixeira, Diogo and Azevedo, Isabel},
  journal={RISTI-Revista Ib{\'e}rica de Sistemas e Tecnologias de Informa{\c{c}}{\~a}o},
  number={8},
  pages={53--65},
  year={2011},
  publisher={Associa{\c{c}}{\~a}o Ib{\'e}rica de Sistemas e Tecnologias de Informa{\c{c}}{\~a}o (AISTI)}
}

@article{monard2003conceitos,
  title={Conceitos sobre aprendizado de m{\'a}quina},
  author={Monard, Maria Carolina and Baranauskas, Jos{\'e} Augusto},
  journal={Sistemas Inteligentes-Fundamentos e Aplica{\c{c}}{\~o}es},
  volume={1},
  number={1},
  year={2003}
}
